@misc{ commons:welitsch,
  author = "Wikimedia Commons",
  title = "Coat of arms of {W}elitsch",
  year = "2013",
  note = "\url{http://commons.wikimedia.org/wiki/File:Wappen_von_Welitsch.svg}",
}
